@inproceedings{maunz13outofbag,
  author = {Maunz, Andreas and Vorgrimmler, David and Helma, Christoph},
  title = {{O}ut-of-{B}ag {D}iscriminative {G}raph {M}ining},
  booktitle = {Proceedings of the 28th Symposium On Applied Computing},
  series = {SAC '13},
  pages = {109--114},
  publisher = {ACM},
  address = {New York, NY, USA},
  year = {2013}
}

@article{maunz13lazar,
  author = {Maunz, Andreas and G\"utlein, Martin and Rautenberg, Micha and Vorgrimmler, David and Gebele, Denis and  Helma, Christoph},
  title = {lazar: {A} modular {P}redictive {T}oxicology {F}ramework},
  journal = {Frontiers in Pharmacology},
  volume = {4},
  number = {38},
  year = {2013}
}

@article{maunz11efficient,
  author = {Maunz, Andreas and Helma, Christoph and Kramer, Stefan},
  title = {{E}fficient {M}ining for {S}tructurally {D}iverse {S}ubgraph {P}atterns in {L}arge {M}olecular {D}atabases},
  journal = {Machine Learning},
  volume = {83},
  number = {2},
  pages = {193--218},
  publisher = {Springer Netherlands},
  year = {2011}
}

@incollection{maunz10latent,
  author = {Maunz, Andreas and Helma, Christoph and Cramer, Tobias and Kramer, Stefan},
  title = {{L}atent {S}tructure {P}attern {M}ining},
  booktitle = {Machine Learning and Knowledge Discovery in Databases},
  series = {Lecture Notes in Computer Science},
  editor = {Balc{\'a}zar, Jos{\'e} and Bonchi, Francesco and Gionis, Aristides and Sebag, Mich{\`e}le},
  pages = {353--368},
  volume = {6322},
  publisher = {Springer Berlin / Heidelberg},
  year = {2010}
}

@article{suenderhauf10combinatorial,
  author = {Suenderhauf, Claudia and Hammann, Felix and Maunz, Andreas and Helma, Christoph and Huwyler, J\"org},
  title = {Combinatorial {Q}{S}{A}{R} {M}odeling of {H}uman {I}ntestinal {A}bsorption},
  journal = {Molecular Pharmaceutics},
  volume = {8},
  number = {1},
  pages = {213-224},
  year = {2011}
}

@article{hardy10collaborative,
  author = {Hardy, Barry and Douglas, Nicki and Helma, Christoph and Rautenberg, Micha and Jeliazkova, Nina and Jeliazkov, Vedrin and Nikolova, Ivelina and Benigni, Romualdo and Tcheremenskaia, Olga and Kramer, Stefan and Girschick, Tobias and Buchwald, Fabian and Wicker, Joerg and Karwath, Andreas and Gutlein, Martin and Maunz, Andreas and Sarimveis, Haralambos and Melagraki, Georgia and Afantitis, Antreas and Sopasakis, Pantelis and Gallagher, David and Poroikov, Vladimir and Filimonov, Dmitry and Zakharov, Alexey and Lagunin, Alexey and Gloriozova, Tatyana and Novikov, Sergey and Skvortsova, Natalia and Druzhilovsky, Dmitry and Chawla, Sunil and Ghosh, Indira and Ray, Surajit and Patel, Hitesh and Escher, Sylvia},
  title = {{C}ollaborative {D}evelopment of {P}redictive {T}oxicology {A}pplications},
  journal = {Journal of Cheminformatics},
  volume = {2},
  number = {1},
  pages = {7},
  year = {2010}
}

@inproceedings{maunz09largescale,
  author = {Maunz, Andreas and Helma, Christoph and Kramer, Stefan},
  title = {{L}arge-{S}cale {G}raph {M}ining {U}sing {B}ackbone {R}efinement {C}lasses},
  booktitle = {KDD '09: Proceedings of the 15th ACM SIGKDD International Conference on Knowledge Discovery and Data Mining},
  pages = {617--626},
  publisher = {ACM},
  address = {New York, NY, USA},
  year = {2009}
}

@incollection{maunz09prediction,
  title = {{P}rediction of {T}oxic {E}ffects of {P}harmaceutical {A}gents},
  author = {Maunz, Andreas and Helma, Christoph},
  editor = {Konstantin V. Balakin},
  booktitle = {Pharmaceutical Data Mining},
  chapter = {5},
  pages = {145--173},
  publisher = {Wiley},
  address = {New York},
  year = {2009}
}

@article{hammann09development,
  author = {Hammann, Felix and Gutmann, Heike and Jecklin, Ursula and Maunz, Andreas and Helma, Christoph and Drewe, J\"urgen},
  title = {{D}evelopment of {D}ecision {T}ree {M}odels for {S}ubstrates, {I}nhibitors, and {I}nducers of p-{G}lycoprotein},
  journal = {Current Drug Metabolism},
  volume = {10},
  pages = {339--346},
  year = {2009}
}

@article{maunz08prediction,
  title = {{P}rediction of {C}hemical {T}oxicity with {L}ocal {S}upport {V}ector {R}egression and {A}ctivity-specific {K}ernels},
  author = {Andreas Maunz and Christoph Helma},
  journal = {SAR and QSAR in Environmental Research},
  volume = {19},
  number = {5-6},
  pages = {413--431},
  publisher = {Taylor and Francis Ltd},
  year = {2008}
}


